
%%%%%%%%%%%%%%%%%%%%%%%%%%%%%%%%%%%%%%%%%%%%%%%%%%%%%%%%%%%%%%%%%%%%%%%%%%%%%%%%
@misc{priberamgiria,
  author={Gíria},
  title={In: Dicionário Priberam da Língua Portuguesa [em linha]},
  year ={2008-2013},
  url={https://dicionario.priberam.org/gíria},
  urldate = {2019-05-20}
}

@misc{priberamcontratempo,
  author={Contratempo},
  title={In: Dicionário Priberam da Língua Portuguesa [em linha]},
  year ={2008-2013},
  url={https://dicionario.priberam.org/contratempo},
  urldate = {2019-05-20}
}

@misc{priberamneologismo,
  author={Neologismo},
  title={In: Dicionário Priberam da Língua Portuguesa [em linha]},
  year ={2008-2013},
  url={https://dicionario.priberam.org/neologismo},
  urldate = {2019-05-20}
}

@misc{priberamhomonimia,
  author={Homonímia},
  title={In: Dicionário Priberam da Língua Portuguesa [em linha]},
  year ={2008-2013},
  url={https://dicionario.priberam.org/homonímia},
  urldate = {2019-05-20}
}
%%%%%%%%%%%%%%%%%%%%%%%%%%%%%%%%%%%%%%%%%%%%%%%%%%%%%%%%%%%%%%%%%%%%%%%%%%%%%%%%

@book{correalingua,
  title={Língua Portuguesa: Da Oralidade À Escrita},
  author={Correa, V.L.},
  isbn={9788538706472},
  url={https://books.google.com.br/books?id=3tUMDe2V-AAC},
  publisher={Iesde Brasil Sa}
}
%%%%%%%%%%%%%%%%%%%%%%%%%%%%%%%%%%%%%%%%%%%%%%%%%%%%%%%%%%%%%%%%%%%%%%%%%%%%%%%%
@book{borges2012historia,
  title={Historia del baile y la rueda de casino-salsa},
  author={Borges, A. and Sardiñas, A.},
  isbn={9789597209331},
  lccn={2014480802},
  series={Arpegio (Havana, Cuba)},
  url={https://books.google.com.br/books?id=bXo7DwAAQBAJ},
  year={2012},
  publisher={Ediciones Cubanas, Artex}
}

%%%%%%%%%%%%%%%%%%%%%%%%%%%%%%%%%%%%%%%%%%%%%%%%%%%%%%%%%%%%%%%%%%%%%%%%%%%%%%%%

@book{perna2002samba,
  title={Samba de gafieira: a história da dança de salão brasileira},
  author={Perna, Marco Antonio},
  isbn={8590196585},
  year={2001},
  edition   = {2},
  url={https://books.google.com.br/books?id=9gc0AAAACAAJ},
  address   = {Rio de Janeiro, Brasil},
  publisher={ Marco Antonio Perna}
}

%%%%%%%%%%%%%%%%%%%%%%%%%%%%%%%%%%%%%%%%%%%%%%%%%%%%%%%%%%%%%%%%%%%%%%%%%%%%%%%%
@book{alves2004teoria,
  title={Teoria Musical},
  author={Alves, Luciano},
  isbn={9788574071961},
  url={https://books.google.com.br/books?id=TYcrSBj67PoC},
  year={2004},
  publisher={Irmãos Vitale}
}

@book{pilla2002neologismos,
  title={Os neologismos do português e a face social da lingua},
  author={Pilla, É.H.},
  isbn={9788574971391},
  url={https://books.google.com.br/books?id=-bJTSMui_YoC},
  year={2002},
  publisher={AGE}
}

@book{ullmann1973semantica,
  title={Sem{\^a}ntica: uma introdu{\c{c}}{\~a}o {\`a} ci{\^e}ncia do significado},
  author={Ullmann, S. and Mateus, J.A.O.},
  series={Manuais universit{\'a}rios},
  url={https://books.google.com.br/books?id=MPffzAEACAAJ},
  year={1973},
  publisher={Funda{\c{c}}{\~a}o Calouste Gulbenkian}
}

@article{ZAVAGLIA2003,
   title = {{Ambig\~A\textonequateridade gerada pela homon\~A\-mia: revisita\~A\S\~A\poundso te\~A\textthreesuperiorrica, linhas lim\~A\-trofes com a polissemia e proposta de crit\~A\copyrightrios distintivos}},
   journal = {{DELTA: Documenta\~A\S\~A\poundso de Estudos em Ling\~A\textonequater\~A\-stica Te\~A\textthreesuperiorrica e Aplicada}},
   author={Zavaglia, Claudia},
   ISSN = {0102-4450},
   language = {pt},
   URL = {http://www.scielo.br/scielo.php?script=sci_arttext&pid=S0102-44502003000200001&nrm=iso},
   volume = {19},
   year = {2003},
   month = {00},
   pages = {237 - 266},
   publisher = {scielo},
   crossref = {10.1590/S0102-44502003000200001},
   }
   
@misc{WSC2016,
    author    = {World Dance Group},
    title     = {World Salsa Championships},
    year     = {2016},
    url    = {https://www.worldsalsachampionships.com/pages/2106-results},
    urldate = {2020-10-3}
}

%%%%%%%%%%%%%%%%%%%%%%%%%%%%%%%%%%%%%%%%%%%%%%%%%%%%%%%%%%%%%%%%%%%%%%%%%%%%%%%%

@article{10.1093.mts.mty033,
    author = {Simpson-Litke, Rebecca and Stover, Chris},
    title = "{Theorizing Fundamental Music/Dance Interactions in Salsa}",
    journal = {Music Theory Spectrum},
    volume = {41},
    number = {1},
    pages = {74-103},
    year = {2019},
    month = {02},
    issn = {0195-6167},
    doi = {10.1093/mts/mty033},
    url = {https://doi.org/10.1093/mts/mty033},
    eprint = {https://academic.oup.com/mts/article-pdf/41/1/74/30047628/mty033.pdf},
}

@ARTICLE{10.3389.fnhum.2016.00064,
AUTHOR={Fitch, W. Tecumseh},   
TITLE={Dance, Music, Meter and Groove: A Forgotten Partnership},      
JOURNAL={Frontiers in Human Neuroscience},      
VOLUME={10},      
PAGES={64},     
YEAR={2016},      
URL={https://www.frontiersin.org/article/10.3389/fnhum.2016.00064},       
DOI={10.3389/fnhum.2016.00064},      
ISSN={1662-5161}
}

